<record><leader>00000cas a22000007a 4500</leader><controlfield tag="001">19320897</controlfield><controlfield tag="008">890307d19251925lauer ne      0    0eng d</controlfield><controlfield tag="009">8528</controlfield><datafield ind1=" " ind2=" " tag="010"><subfield code="a">sn 89059061 </subfield></datafield><datafield ind1=" " ind2=" " tag="040"><subfield code="a">LNP</subfield><subfield code="b">eng</subfield><subfield code="c">LNP</subfield><subfield code="d">DLC</subfield><subfield code="d">OCL</subfield><subfield code="d">OCLCQ</subfield><subfield code="d">OCLCF</subfield><subfield code="d">OCLCO</subfield></datafield><datafield ind1=" " ind2=" " tag="042"><subfield code="a">msc</subfield></datafield><datafield ind1="0" ind2=" " tag="130"><subfield code="a">New Orleans herald (New Orleans, La. : 1925)</subfield></datafield><datafield ind1="0" ind2="4" tag="245"><subfield code="a">The New Orleans herald.</subfield></datafield><datafield ind1=" " ind2=" " tag="260"><subfield code="a">New Orleans [La.] :</subfield><subfield code="b">New Orleans Herald Pub. Co.</subfield></datafield><datafield ind1=" " ind2=" " tag="300"><subfield code="a">v.</subfield></datafield><datafield ind1=" " ind2=" " tag="310"><subfield code="a">Biweekly</subfield></datafield><datafield ind1="0" ind2=" " tag="362"><subfield code="a">Vol. 1, no. 1 (Sept. 19, 1925)-v. 1, no. 2 (Oct. 3, 1925).</subfield></datafield><datafield ind1=" " ind2="0" tag="650"><subfield code="a">African Americans</subfield><subfield code="z">Louisiana</subfield><subfield code="v">Newspapers.</subfield></datafield><datafield ind1=" " ind2="7" tag="655"><subfield code="a">Newspapers.</subfield><subfield code="2">fast</subfield><subfield code="0">(OCoLC)fst01423814</subfield></datafield><datafield ind1=" " ind2="7" tag="650"><subfield code="a">African Americans.</subfield><subfield code="2">fast</subfield><subfield code="0">(OCoLC)fst00799558</subfield></datafield><datafield ind1=" " ind2="7" tag="651"><subfield code="a">Louisiana.</subfield><subfield code="2">fast</subfield><subfield code="0">(OCoLC)fst01207035</subfield></datafield><datafield ind1=" " ind2=" " tag="752"><subfield code="a">United States</subfield><subfield code="b">Louisiana</subfield><subfield code="c">Orleans</subfield><subfield code="d">New Orleans.</subfield></datafield><datafield ind1="0" ind2="0" tag="785"><subfield code="t">Louisiana weekly</subfield><subfield code="w">(DLC)sn 83045291</subfield><subfield code="w">(OCoLC)2263695</subfield></datafield></record>